@dataset{schubert_2022_6355684,
  author       = {Schubert, Erich and
                  Zimek, Arthur},
  title        = {{ELKI Multi-View Clustering Data Sets Based on the.
                   Amsterdam Library of Object Images (ALOI)}},
  month        = mar,
  year         = 2022,
  publisher    = {Zenodo},
  version      = {1.0},
  doi          = {10.5281/zenodo.6355684},
  url          = {https://doi.org/10.5281/zenodo.6355684}
}

@ARTICLE{1056489,
  author={Lloyd, S.},
  journal={IEEE Transactions on Information Theory}, 
  title={Least squares quantization in PCM}, 
  year={1982},
  volume={28},
  number={2},
  pages={129-137},
  keywords={},
  doi={10.1109/TIT.1982.1056489}}

